@misc{Maulhardt.b,
 author = {Maulhardt, Uwe},
 title = {Pr{\"a}sentation 2 - Requirement Engineering Und Qualit{\"a}tssicherung},
 file = {Präsentation2_RequirementEngineeringUndQualitätssicherung_DHBW_230222_UM_DefinitionenUndSystemkontext (1):Attachments/Präsentation2_RequirementEngineeringUndQualitätssicherung_DHBW_230222_UM_DefinitionenUndSystemkontext (1).pdf:application/pdf}
}


@misc{Maulhardt.a,
 author = {Maulhardt, Uwe},
 title = {Pr{\"a}sentation 1 - Requirement Engineering Und Qualit{\"a}tssicherung},
 file = {Präsentation1_RequirementEngineeringUndQualitätssicherung_DHBW_220121_UM_Einfuehrung (1):Attachments/Präsentation1_RequirementEngineeringUndQualitätssicherung_DHBW_220121_UM_Einfuehrung (1).pdf:application/pdf}
}


@misc{Maulhardt.c,
 author = {Maulhardt, Uwe},
 title = {Pr{\"a}sentation 3 - Requirement Engineering Und Qualit{\"a}tssicherung},
 isbn = {9783864908149},
 file = {Präsentation3_RequirementEngineeringUndQualitätssicherung_DHBW_230222-230223_UM_ReqEng_QS (1):Attachments/Präsentation3_RequirementEngineeringUndQualitätssicherung_DHBW_230222-230223_UM_ReqEng_QS (1).pdf:application/pdf}
}


