@misc{epc-diagram,
    author = {{Zen Flowchart}},
    title = {EPC Diagram: A Complete Guide},
    url = {https://www.zenflowchart.com/guides/epc-diagram},
    date = {2023-03-12}
}

@@misc{kano-model,
     author = {{microTool}},
     title = {The Kano Model},
     url = {https://www.microtool.de/en/knowledge-base/what-is-the-kano-model/},
     date = {2023-03-12},
}