% This file was created with Citavi 6.14.0.281

@book{Botten.2006,
 author = {Botten, Neil},
 year = {2006},
 title = {Management accounting: Business strategy},
 keywords = {Comptabilit{\'e} de gestion;Managerial accounting;Planification strat{\'e}gique;Strategic planning},
 address = {Oxford, U.K.},
 edition = {[2007 ed.]},
 volume = {Paper P6 (2007)},
 publisher = {{CIMA Publishing/Elsevier}},
 isbn = {9780750680431},
 series = {CIMA's Official Learning System. Strategic level}
}

@article{Mitchell.1997,
 author = {Mitchell, Ronald K. and Agle, Bradley R. and Wood, Donna J.},
 year = {1997},
 title = {Toward a Theory of Stakeholder Identification and Salience: Defining the Principle of Who and What Really Counts},
 pages = {853},
 number = {4},
 issn = {03637425},
 journal = {The Academy of Management Review},
 doi = {10.2307/259247}
}


