@article{OliverCreighton.2012,
 author = {{Oliver Creighton} and {Kim Lauenroth} and {Henriette Katharina Lingg} and {Thomas M{\"o}dl} and {Michael Richter} and {Chris Rupp} and {Patrick Steiger und Malik Tayeh}},
 year = {2012},
 title = {IREB Certified Professional for Requirements Engineering: Elicitation and Consolidation, Advanced Level},
 file = {ireb_cpre_elicitation_and_consolidation_lehrplan_version_1:Attachments/ireb_cpre_elicitation_and_consolidation_lehrplan_version_1.pdf:application/pdf}
}

@book{Herrmann.2022,
 author = {Herrmann, Andrea},
 year = {2022},
 title = {Grundlagen der Anforderungsanalyse: Standardkonformes requirements engineering},
 address = {[S.l.]},
 publisher = {{MORGAN KAUFMANN}},
 isbn = {978-3-658-35459-6}
}
